<record><leader>00000cas a2200000 a 4500</leader><controlfield tag="001">12406495</controlfield><controlfield tag="008">850821d18841887ksuwr ne      0    0eng d</controlfield><datafield ind1=" " ind2=" " tag="010"><subfield code="a">sn 85031987 </subfield></datafield><datafield ind1=" " ind2=" " tag="040"><subfield code="a">KSH</subfield><subfield code="b">eng</subfield><subfield code="c">KSH</subfield><subfield code="d">NPT</subfield><subfield code="d">OCL</subfield><subfield code="d">OCLCQ</subfield></datafield><datafield ind1=" " ind2=" " tag="042"><subfield code="a">msc</subfield></datafield><datafield ind1="0" ind2="4" tag="245"><subfield code="a">The Ludell settler.</subfield></datafield><datafield ind1="1" ind2="3" tag="246"><subfield code="a">Ludell settler and wild cat</subfield><subfield code="f">Aug. 19-Sept. 9, 1886</subfield></datafield><datafield ind1=" " ind2=" " tag="260"><subfield code="a">Ludell, Kan. :</subfield><subfield code="b">Geo. H. Hand,</subfield><subfield code="c">1884-</subfield></datafield><datafield ind1=" " ind2=" " tag="300"><subfield code="a">v. :</subfield><subfield code="b">ill. ;</subfield><subfield code="c">59 cm.</subfield></datafield><datafield ind1=" " ind2=" " tag="310"><subfield code="a">Weekly</subfield></datafield><datafield ind1="0" ind2=" " tag="362"><subfield code="a">Vol. 1, no. 1 (Oct. 18, 1884)-</subfield></datafield><datafield ind1="1" ind2=" " tag="362"><subfield code="a">Ceased with Dec. 10, 1877 issue?</subfield></datafield><datafield ind1=" " ind2=" " tag="500"><subfield code="a">Publisher varies.</subfield></datafield><datafield ind1=" " ind2=" " tag="580"><subfield code="a">Absorbed: Ludell wild-cat (non-extant) Aug. 19, 1886.</subfield></datafield><datafield ind1=" " ind2=" " tag="752"><subfield code="a">United States</subfield><subfield code="b">Kansas</subfield><subfield code="c">Rawlins</subfield><subfield code="d">Ludell.</subfield></datafield><datafield ind1="1" ind2="5" tag="780"><subfield code="t">Ludell wild-cat</subfield></datafield><datafield ind1="1" ind2=" " tag="029"><subfield code="a">AU@</subfield><subfield code="b">000022164993</subfield></datafield></record>